% Encoding: UTF-8


@InProceedings{ecoop12-dias,
	author       = "Dias, Ricardo J. and Distefano, Dino and Seco, J. C. and Lourenço, João M.",
	booktitle    = "Proceedings of the 26th European conference on Object-oriented programming ({ECOOP}'12)",
	title        = "Verification of Snapshot Isolation in Transactional Memory Java Programs",
	year         = "2012",
	month        = jun,
	publisher    = "Springer-Verlag",
}


@misc{RN36,
   title = {CBDD},
   url = {https://clarivate.com/life-sciences-healthcare/consulting-services/research-and-development-consulting/cbdd/},
   type = {Web Page}
}

@misc{RN33,
   title = {MetaBase},
   url = {https://clarivate.com/life-sciences-healthcare/research-development/discovery-development/early-research-intelligence-solutions/},
   type = {Web Page}
}